<?xml version="1.0" encoding="UTF-8"?><record xmlns="http://www.loc.gov/MARC21/slim" xmlns:cinclude="http://apache.org/cocoon/include/1.0" xmlns:zs="http://www.loc.gov/zing/srw/">
  <leader>01156nz  a2200205n  4500</leader>
  <controlfield tag="001">no2011198580</controlfield>
  <controlfield tag="003">DLC</controlfield>
  <controlfield tag="005">20120101074917.0</controlfield>
  <controlfield tag="008">111230n| acannaabn          |b ana     c</controlfield>
  <datafield tag="010" ind1=" " ind2=" ">
    <subfield code="a">no2011198580</subfield>
  </datafield>
  <datafield tag="035" ind1=" " ind2=" ">
    <subfield code="a">(OCoLC)oca09074715</subfield>
  </datafield>
  <datafield tag="040" ind1=" " ind2=" ">
    <subfield code="a">ICU</subfield>
    <subfield code="b">eng</subfield>
    <subfield code="c">ICU</subfield>
  </datafield>
  <datafield tag="046" ind1=" " ind2=" ">
    <subfield code="s">1991</subfield>
  </datafield>
  <datafield tag="110" ind1="2" ind2=" ">
    <subfield code="a">Slavi︠a︡nskiĭ bazar v Vitebske</subfield>
  </datafield>
  <datafield tag="370" ind1=" " ind2=" ">
    <subfield code="e">Vitsebsk, Belarus</subfield>
  </datafield>
  <datafield tag="410" ind1="2" ind2=" ">
    <subfield code="a">Славянский базар в Витебске</subfield>
  </datafield>
  <datafield tag="410" ind1="2" ind2=" ">
    <subfield code="a">Slavi︠a︡nski bazar u Vitsebsku</subfield>
  </datafield>
  <datafield tag="410" ind1="2" ind2=" ">
    <subfield code="a">Mezhdunarodnyĭ festivalʹ iskusstv "Slavi︠a︡nskiĭ bazar v Vitebske"</subfield>
  </datafield>
  <datafield tag="667" ind1=" " ind2=" ">
    <subfield code="a">Non-Latin script reference not evaluated.</subfield>
  </datafield>
  <datafield tag="670" ind1=" " ind2=" ">
    <subfield code="a">Slavi︠a︡nskiĭ bazar v Vitebske, 2011:</subfield>
    <subfield code="b">t.p. (Славянский базар в Витебске = Slavi︠a︡nskiĭ bazar v Vitebske, ... Международного фестиваля искусств "Славянский базар в Витебске = Mezhdunarodnogo festivali︠a︡ iskusstv "Slavi︠a︡nskiĭ bazar v Vitebske") cover (Славянскі базар у Віцебску = Slavi︠a︡nski bazar u Vitsebsku) p. 3, etc. (performing arts festival, held since 1991 in Vitsebsk, Belarus)</subfield>
  </datafield>
</record>